@inproceedings{P2,
 author = {Duan, Yajuan and Jiang, Long and Qin, Tao and Zhou, Ming and Shum, Heung-Yeung},
 title = {An Empirical Study on Learning to Rank of Tweets},
 booktitle = {Proceedings of the 23rd International Conference on Computational Linguistics},
 series = {COLING '10},
 year = {2010},
 location = {Beijing, China},
 pages = {295--303},
 numpages = {9},
 url = {http://dl.acm.org/citation.cfm?id=1873781.1873815},
 acmid = {1873815},
 publisher = {Association for Computational Linguistics},
 address = {Stroudsburg, PA, USA},
} 

@article{P1,
author = { Castillo Carlos  and  Mendoza Marcelo  and  Poblete Barbara },
title = {Predicting information credibility in time-sensitive social media},
journal = {Internet Research},
volume = {23},
number = {5},
pages = {560-588},
year = {2013},
doi = {10.1108/IntR-05-2012-0095}
}

@techreport{pagerank,
          number = {1999-66},
           month = {November},
          author = {Lawrence Page and Sergey Brin and Rajeev Motwani and Terry Winograd},
            note = {Previous number = SIDL-WP-1999-0120},
           title = {The PageRank Citation Ranking: Bringing Order to the Web.},
            type = {Technical Report},
       publisher = {Stanford InfoLab},
            year = {1999},
     institution = {Stanford InfoLab},
             url = {http://ilpubs.stanford.edu:8090/422/},
}

@incollection{ranksvm,
 author = {Joachims, Thorsten},
 chapter = {Making Large-scale Support Vector Machine Learning Practical},
 title = {Advances in Kernel Methods},
 editor = {Sch\"{o}lkopf, Bernhard and Burges, Christopher J. C. and Smola, Alexander J.},
 year = {1999},
 isbn = {0-262-19416-3},
 pages = {169--184},
 numpages = {16},
 url = {http://dl.acm.org/citation.cfm?id=299094.299104},
 acmid = {299104},
 publisher = {MIT Press},
 address = {Cambridge, MA, USA},
} 

@MISC{okapi,
    author = {S.E. Robertson and S. Walker and M. Beaulieu and Peter Willett},
    title = {Okapi at TREC-7: Automatic ad hoc, filtering, VLC and interactive track},
    year = {1998}
}

@inproceedings{twittermonitor,
  title={Twittermonitor: trend detection over the twitter stream},
  author={Mathioudakis, Michael and Koudas, Nick},
  booktitle={Proceedings of the 2010 ACM SIGMOD International Conference on Management of data},
  pages={1155--1158},
  year={2010},
  organization={ACM}
}

@inproceedings{p1previouswork,
  title={Twitter Under Crisis: Can we trust what we RT?},
  author={Mendoza, Marcelo and Poblete, Barbara and Castillo, Carlos},
  booktitle={Proceedings of the first workshop on social media analytics},
  pages={71--79},
  year={2010},
  organization={ACM}
}
