@ARTICLE{paper1,
	AUTHOR = "Jens Lehmann and Sören Auer and Lorenz Bühmann and Sebastian Tramp",
	TITLE = "Class expression learning for ontology engineering",
	JOURNAL = {Journal of Web Semantics},
	PAGES = {71-81},
	YEAR = {2011}	
}

@ARTICLE{paper2,
	AUTHOR = "Lorenz Bühmann and Jens Lehmann",
	TITLE = "Universal OWL Axiom Enrichment for Large Knowledge Bases",
	JOURNAL = {EKAW},
	PAGES = {57-71},
	YEAR = {2012}	
}

@ARTICLE{refinement1,
	AUTHOR = "Jens Lehmann and P Hitzler",
	TITLE = "Foundations of refinement operators for description logics",
	JOURNAL = {LNCS},
	VOLUME = {4894},
	YEAR = {2007}	
}

@ARTICLE{refinement2,
	AUTHOR = "Jens Lehmann and P Hitzler",
	TITLE = "A refinement operator based learning algorithm for the ALC description logic",
	JOURNAL = {LNCS},
	VOLUME = {4894},
	YEAR = {2007}	
}

@ARTICLE{refinement3,
	AUTHOR = "Jens Lehmann and P Hitzler",
	TITLE = "Concept learning in description logics using refinement operators",
	JOURNAL = {Machine Learning Journal},
	VOLUME = {78},
	PAGES = {203-250},
	YEAR = {2010}	
}

@book{Foundation_ILP,
 author = {Nienhuys-Cheng, Shan-Hwei and Wolf, Ronald de},
 editor = {Siekmann, J. and Carbonell, J. G.},
 title = {Foundations of Inductive Logic Programming},
 year = {1997},
 isbn = {3540629270},
 publisher = {Springer-Verlag New York, Inc.},
 address = {Secaucus, NJ, USA},
} 

@inproceedings{related_9,
 author = {Cohen, William W. and Borgida, Alex and Hirsh, Haym},
 title = {Computing Least Common Subsumers in Description Logics},
 booktitle = {Proceedings of the Tenth National Conference on Artificial Intelligence},
 series = {AAAI'92},
 year = {1992},
 isbn = {0-262-51063-4},
 location = {San Jose, California},
 pages = {754--760},
 numpages = {7},
 url = {http://dl.acm.org/citation.cfm?id=1867135.1867252},
 acmid = {1867252},
 publisher = {AAAI Press},
} 

@article{related_10,
  title={Learning the Classic Description Logic: Theoretical and Experimental Results.},
  author={Cohen, William W and Hirsh, Haym},
  journal={KR},
  volume={94},
  pages={121--133},
  year={1994}
}

@incollection{related_7,
  title={A refinement operator for description logics},
  author={Badea, Liviu and Nienhuys-Cheng, Shan-Hwei},
  booktitle={Inductive logic programming},
  pages={40--59},
  year={2000},
  publisher={Springer}
}
